<record><leader>00000cas a22000007a 4500</leader><controlfield tag="001">10116750</controlfield><controlfield tag="008">831110d18491855txuwr ne      0    0eng d</controlfield><datafield ind1=" " ind2=" " tag="010"><subfield code="a">sn 83021321 </subfield></datafield><datafield ind1=" " ind2=" " tag="040"><subfield code="a">NPX</subfield><subfield code="b">eng</subfield><subfield code="c">NPX</subfield><subfield code="d">DLC</subfield><subfield code="d">PPM</subfield><subfield code="d">NJW</subfield><subfield code="d">DLC</subfield><subfield code="d">PPM</subfield><subfield code="d">ANU</subfield><subfield code="d">PPM</subfield><subfield code="d">HLS</subfield><subfield code="d">DLC</subfield><subfield code="d">OCLCQ</subfield><subfield code="d">KRTAS</subfield><subfield code="d">CUS</subfield></datafield><datafield ind1=" " ind2=" " tag="042"><subfield code="a">msc</subfield></datafield><datafield ind1="0" ind2="0" tag="050"><subfield code="a">Newspaper</subfield></datafield><datafield ind1=" " ind2="4" tag="050"><subfield code="a">AN2</subfield><subfield code="b">.A83</subfield></datafield><datafield ind1="0" ind2="0" tag="245"><subfield code="a">Texas State gazette.</subfield></datafield><datafield ind1="3" ind2="0" tag="246"><subfield code="a">Texas State gazette semi-weekly</subfield></datafield><datafield ind1=" " ind2=" " tag="260"><subfield code="a">Austin, Tex. :</subfield><subfield code="b">William H. Cushney,</subfield><subfield code="c">1849-1855.</subfield></datafield><datafield ind1=" " ind2=" " tag="300"><subfield code="a">v. :</subfield><subfield code="b">ill. ;</subfield><subfield code="c">56-60 cm.</subfield></datafield><datafield ind1=" " ind2=" " tag="310"><subfield code="a">Weekly,</subfield><subfield code="b">Aug. 11-Sept. 8, 1855</subfield></datafield><datafield ind1=" " ind2=" " tag="321"><subfield code="a">Weekly,</subfield><subfield code="b">Aug. 25, 1849-July 7, 1855</subfield></datafield><datafield ind1=" " ind2=" " tag="321"><subfield code="a">Semiweekly,</subfield><subfield code="b">July 11-Aug. 4, 1855</subfield></datafield><datafield ind1="0" ind2=" " tag="362"><subfield code="a">Vol. 1, no. 1 (Aug. 25, 1849)-v. 7, no. 3 (Sept. 8, 1855).</subfield></datafield><datafield ind1=" " ind2=" " tag="500"><subfield code="a">"Texas" superimposed over title ornament.</subfield></datafield><datafield ind1=" " ind2=" " tag="515"><subfield code="a">Issues for July 28-Aug. 18, 1855 all numbered vol. 6, no. 52.</subfield></datafield><datafield ind1=" " ind2=" " tag="525"><subfield code="a">Has occasional supplements called: State gazette extra.</subfield></datafield><datafield ind1=" " ind2=" " tag="530"><subfield code="a">Also issued on microfilm from Southwest Micropublishing, El Paso, TX.</subfield></datafield><datafield ind1=" " ind2=" " tag="752"><subfield code="a">United States</subfield><subfield code="b">Texas</subfield><subfield code="c">Travis</subfield><subfield code="d">Austin.</subfield></datafield><datafield ind1="0" ind2=" " tag="775"><subfield code="t">Tri-weekly state gazette</subfield><subfield code="w">(DLC)sn 83025701</subfield></datafield><datafield ind1="0" ind2=" " tag="775"><subfield code="t">Tri-weekly gazette</subfield><subfield code="w">(DLC)sn 88083096</subfield><subfield code="w">(OCoLC)17315238</subfield></datafield><datafield ind1="0" ind2="0" tag="780"><subfield code="t">Texas Democrat (Austin, Tex. : 1846)</subfield><subfield code="w">(DLC)sn 85038595</subfield></datafield><datafield ind1="0" ind2="0" tag="785"><subfield code="t">State gazette (Austin, Tex. : 1855)</subfield><subfield code="w">(DLC)sn 83025700</subfield></datafield><datafield ind1="4" ind2="1" tag="856"><subfield code="3">08/25/1849 to 09/08/1855</subfield><subfield code="u">http://infoweb.newsbank.com/?db=EANX&amp;s_browseRef=decades/10EEA62CDA4CF8A0/all.xml</subfield></datafield><datafield ind1=" " ind2=" " tag="938"><subfield code="a">Kirtas Technologies, Inc.</subfield><subfield code="b">KRTS</subfield><subfield code="n">737668</subfield></datafield><datafield ind1="1" ind2=" " tag="029"><subfield code="a">AU@</subfield><subfield code="b">000026221398</subfield></datafield></record>